
@book{Winskel,author={Glynn Winskel},
title={The Formal Semantics of Programming Languages},publisher=MIT,year=1993}
