@inproceedings{immlerhoelzl,
  author    = {Fabian Immler and Johannes HÃ¶lzl},
  title     = {{Numerical Analysis of Ordinary Differential Equations in Isabelle/HOL}},
  booktitle = {ITP 2012},
  series    = {LNCS},
}

