@techreport {GKL2012SpeculativeLinearizability,
  author =   {Rachid Guerraoui and Viktor Kuncak and Giuliano Losa},
  title =    {Speculative Linearizability},
  year = {2011},
  institution = {EPFL},
  note = "Accepted for publication at PLDI 2012, available at http://lara.epfl.ch/w/slin"
}


@article{HerlihyWing90Linearizability,
  author = {Herlihy, Maurice P. and Wing, Jeannette M.},
  title = {Linearizability: a correctness condition for concurrent objects},
  journal = {ACM Trans. Program. Lang. Syst.},
  volume = {12},
  number = {3},
  year = {1990},
  issn = {0164-0925},
  pages = {463--492},
  doi = {http://doi.acm.org/10.1145/78969.78972},
  publisher = {ACM},
  address = {New York, NY, USA},
}

@ARTICLE{Lamport98PartTimeParliament,
  author = {Leslie Lamport and Keith Marzullo},
  title = {The part-time parliament},
  journal = {ACM Transactions on Computer Systems},
  year = {1998},
  volume = {16},
  pages = {133--169}
}


@article{Lynch89anintroduction,
  author = {Nancy A. Lynch and Mark R. Tuttle},
  journal = {CWI Quarterly},
  pages = {219--246},
  title = {An introduction to input/output automata},
  volume = 2,
  year = 1989,
}
