 @book{card-book,
  title = {Introduction to {C}ardinal {A}rithmetic},
  author = {M. Holz and K. Steffens and E. Weitz},
  publisher = "Birkh{\"{a}}user",
  year = 1999,
  }
