@Book{Barnes,
  author =       {John Barnes},
  title =        {{T}he \textsc{Spark} {A}pproach to {S}afety and
                  {S}ecurity},
  publisher =    {Addison-Wesley},
  year =         2006
}
