
@inproceedings{hoelzl2012verifyingpctl,
  title      = {Verifying {pCTL} Model Checking},
  author     = {Johannes H{\"o}lzl and Tobias Nipkow},
  year       = {2012},
  booktitle  = {Tools and Algorithms for the Construction and Analysis of Systems (TACAS 2012)},
  series     = {LNCS}
}
